<record><leader>00000cas a22000007a 4500</leader><controlfield tag="001">10041861</controlfield><controlfield tag="008">831021d184918uunyuwr ne      0    0eng d</controlfield><datafield ind1=" " ind2=" " tag="010"><subfield code="a">sn 83031742 </subfield></datafield><datafield ind1=" " ind2=" " tag="040"><subfield code="a">NPU</subfield><subfield code="b">eng</subfield><subfield code="c">NPU</subfield><subfield code="d">NPX</subfield><subfield code="d">NYG</subfield><subfield code="d">NYS</subfield><subfield code="d">OCL</subfield><subfield code="d">OCLCQ</subfield><subfield code="d">OCLCF</subfield><subfield code="d">OCLCO</subfield></datafield><datafield ind1="1" ind2=" " tag="029"><subfield code="a">AU@</subfield><subfield code="b">000020127798</subfield></datafield><datafield ind1=" " ind2=" " tag="042"><subfield code="a">msc</subfield></datafield><datafield ind1=" " ind2=" " tag="043"><subfield code="a">n-us-ny</subfield></datafield><datafield ind1="0" ind2="4" tag="245"><subfield code="a">The Rhinebeck gazette and Dutchess Co. advertiser.</subfield></datafield><datafield ind1="1" ind2="3" tag="246"><subfield code="a">Rhinebeck gazette and Dutchess County advertiser</subfield></datafield><datafield ind1=" " ind2=" " tag="260"><subfield code="a">Rhinebeck, N.Y. :</subfield><subfield code="b">William Luff</subfield></datafield><datafield ind1=" " ind2=" " tag="300"><subfield code="a">v. ;</subfield><subfield code="c">62 cm.</subfield></datafield><datafield ind1=" " ind2=" " tag="310"><subfield code="a">Weekly</subfield></datafield><datafield ind1="1" ind2=" " tag="362"><subfield code="a">Began in 1849?</subfield></datafield><datafield ind1=" " ind2=" " tag="500"><subfield code="a">Published by: L.R. Blanchard, &lt;Oct. 12, 1852&gt;.</subfield></datafield><datafield ind1=" " ind2=" " tag="515"><subfield code="a">Began new numbering in 1850 following a dispute with the previous proprietor, E.M. Smith.</subfield></datafield><datafield ind1=" " ind2=" " tag="588"><subfield code="a">Description based on: Vol. 3, no. 37 (Feb. 27, 1849).</subfield></datafield><datafield ind1=" " ind2="0" tag="651"><subfield code="a">Rhinebeck (N.Y.)</subfield><subfield code="v">Newspapers.</subfield></datafield><datafield ind1=" " ind2="7" tag="655"><subfield code="a">Newspapers.</subfield><subfield code="2">fast</subfield><subfield code="0">(OCoLC)fst01423814</subfield></datafield><datafield ind1=" " ind2="7" tag="651"><subfield code="a">New York (State)</subfield><subfield code="z">Rhinebeck.</subfield><subfield code="2">fast</subfield><subfield code="0">(OCoLC)fst01219348</subfield></datafield><datafield ind1=" " ind2=" " tag="752"><subfield code="a">United States</subfield><subfield code="b">New York</subfield><subfield code="c">Dutchess</subfield><subfield code="d">Rhinebeck.</subfield></datafield><datafield ind1="0" ind2="0" tag="780"><subfield code="t">Rhinebeck gazette (Rhinebeck, N.Y. : 1847)</subfield><subfield code="w">(DLC)sn 88075759</subfield><subfield code="w">(OCoLC)18514335</subfield></datafield></record>